version https://git-lfs.github.com/spec/v1
oid sha256:2d2dd06e9623e27c3067f2d8e75c9d4c038b3b8ca4219838ef1a53526a0a85cb
size 662
